@ARTICLE{Belyaev_Bashkirtseva2015,
  author       = {I. Bashkirtseva},
  title        = {Stochastic phenomena in one-dimensional Rulkov model of neuronal dynamics},
  journal      = {Discrete Dynamics in Nature and Society},
  volume       = {2015},
  year         = {2015},
  pages        = {1-7},
  doi          = {10.1155/2015/495417}
}

@ARTICLE{Belyaev_Bashkirtseva2017,
  author       = {I. Bashkirtseva and E. Ekaterinchuk and L. Ryashko},
  title        = {Analysis of noise-induced transitions in a generalized logistic model with delay near Neimark–Sacker bifurcation},
  journal      = {Journal of Physics A: Mathematical and Theoretical},
  volume       = {50},
  number       = {27},
  year         = {2017},
  pages        = {275102},
  doi          = {10.1088/1751-8121/aa734b}
}

@ARTICLE{Belyaev_Bashkirtseva2018,
  author       = {I. Bashkirtseva and V. Nasyrova and L. Ryashko},
  title        = {Noise-induced bursting and chaos in the two-dimensional Rulkov model},
  journal      = {Chaos, Solitons \& Fractals},
  volume       = {110},
  year         = {2018},
  pages        = {76-81},
  doi          = {10.1016/j.chaos.2018.03.011}
}

@ARTICLE{Belyaev_Bashkirtseva2018b,
  author       = {I. Bashkirtseva and V. Nasyrova and L. Ryashko},
  title        = {Analysis of noise effects in a map-based neuron model with Canard-type quasiperiodic oscillations},
  journal      = {Communications in Nonlinear Science and Numerical Simulation},
  volume       = {63},
  year         = {2018},
  pages        = {261-270},
  doi          = {10.1016/j.cnsns.2018.03.015}
}

@ARTICLE{Belyaev_Ryashko2013,
  author       = {I. Bashkirtseva and L. Ryashko},
  title        = {Stochastic sensitivity analysis of noise-induced intermittency and transition to chaos in one-dimensional discrete-time systems},
  journal      = {Physica A: Statistical Mechanics and its Applications},
  volume       = {392},
  number       = {2},
  year         = {2013},
  pages        = {295–306},
  doi          = {10.1016/j.physa.2012.09.001}
}

@ARTICLE{Belyaev_Bashkirtseva2014,
  author       = {I. Bashkirtseva and L. Ryashko},
  title        = {Stochastic sensitivity analysis of the attractors for the randomly forced Ricker model with delay},
  journal      = {Physics Letters, Section A: General, Atomic and Solid State Physics},
  volume       = {378},
  number       = {48},
  year         = {2014},
  pages        = {3600-3606},
  doi          = {10.1016/j.physleta.2014.10.022}
}

@ARTICLE{Belyaev_Gardini2011,
  author       = {L. Gardini and D. Fournier-Prunaret and P. Charge.},
  title        = {Border collision bifurcations in a two-dimensional piecewise smooth map from a simple switching circuit},
  journal      = {Chaos},
  volume       = {21},
  number       = {2},
  year         = {2011},
  pages        = {023106},
  doi          = {10.1063/1.3555834}
}

@ARTICLE{Belyaev_GardiniTramontanaSushko2010,
  author       = {I. Sushko and L. Gardini and F. Tramontana},
  title        = {Border collision bifurcations in one-dimensional linear-hyperbolic maps},
  journal      = {Mathematics and Computers in Simulation},
  volume       = {81},
  number       = {4},
  year         = {2010},
  pages        = {899-914},
  doi          = {10.1016/j.matcom.2010.10.001}
}

@ARTICLE{Belyaev_Hindmarsh1984,
  author       = {J. L. Hindmarsh and R. M. Rose},
  title        = {A model of neuronal bursting using three coupled first order differential equations},
  journal      = {Proceedings of The Royal Society B},
  volume       = {221},
  number       = {1222},
  year         = {1984},
  pages        = {87-102},
  doi          = {10.1098/rspb.1984.0024}
}

@ARTICLE{Belyaev_Hodgkin1952,
  author       = {A. L. Hodgkin and A. F. Huxley},
  title        = {A quantitative description of membrane current and its application to conduction and excitation in nerve},
  journal      = {The Journal of Physiology},
  volume       = {117},
  number       = {4},
  year         = {1952},
  pages        = {500-544},
  doi          = {10.1113/jphysiol.1952.sp004764}
}

@ARTICLE{Belyaev_Mesbah2014,
  author       = {S. Mesbah and M. Moghtadaei and M. R. H. Golpayegani and  F. Towhidkhah},
  title        = {One-dimensional map-based neuron model: A logistic modification},
  journal      = {Chaos, Solitons \& Fractals},
  volume       = {65},
  year         = {2014},
  pages        = {20-29},
  doi          = {10.1016/j.chaos.2014.04.006}
}

@ARTICLE{Belyaev_Nusse1992,
  author       = {H. E. Nusse and J. A. Yorke},
  title        = {Border-collision bifurcations including ‘period two to period three’ bifurcation for piecewise smooth systems},
  journal      = {Physica D: Nonlinear Phenomena},
  volume       = {57},
  number       = {1-2},
  year         = {1992},
  pages        = {39-57},
  doi          = {10.1016/0167-2789(92)90087-4}
}

@ARTICLE{Belyaev_Nusse1995,
  author       = {H. E. Nusse and J. A. Yorke},
  title        = {Border-collision bifurcations for piecewise smooth one dimensional maps},
  journal      = {International Journal of Bifurcation and Chaos},
  volume       = {5},
  year         = {1995},
  pages        = {189-207},
  doi          = {10.1142/S0218127495000156}
}

@ARTICLE{Belyaev_Rulkov2002,
  author       = {N. F. Rulkov},
  title        = {Modeling of Spiking-Bursting Neural Behavior Using Two-Dimensional Map},
  journal      = {Physical Review E},
  volume       = {65},
  year         = {2002},
  pages        = {041922},
  doi          = {10.1103/PhysRevE.65.041922}
}

@ARTICLE{Belyaev_Rulkov2018,
  author       = {N. F. Rulkov and A. B. Neiman},
  title        = {Control of sampling rate in map-based models of spiking neurons},
  journal      = {Communications in Nonlinear Science and Numerical Simulation},
  volume       = {61},
  year         = {2018},
  pages        = {127-137},
  doi          = {10.1016/j.cnsns.2018.01.021}
}

@ARTICLE{Belyaev_ShilnikovRulkov2003,
  author       = {A. L. Shilnikov and N. F. Rulkov},
  title        = {Origin of chaos in a two-dimensional map modeling spiking-bursting neural activity},
  journal      = {International Journal of Bifurcation and Chaos},
  volume       = {13},
  number       = {11},
  year         = {2003},
  pages        = {3325-3340},
  doi          = {10.1142/S0218127403008521}
}

@ARTICLE{Belyaev_SushkoGardini2016,
  author       = {I. Sushko and V. Avrutin and L. Gardini},
  title        = {Bifurcation structure in the skew tent map and its application as a border collision normal form},
  journal      = {Journal of Difference Equations and Applications},
  volume       = {22},
  number       = {8},
  year         = {2016},
  pages        = {1-48},
  doi          = {10.1080/10236198.2015.1113273}
}

@ARTICLE{Belyaev_Sushko2016,
  author       = {I. Sushko and L. Gardini and V. Avrutin},
  title        = {Nonsmooth one-dimensional maps: some basic concepts and definitions},
  journal      = {Journal of Difference Equations and Applications},
  volume       = {22},
  number       = {12},
  year         = {2016},
  pages        = {1-55},
  doi          = {10.1080/10236198.2016.1248426}
}